@manual{V49,
  author = {TU Dortmund},
  title = {Versuchsanleitung},
  subtitle = {Gepulste NMR},
  year = {2021}
}

@online{wasser,
  author = {Wikipedia},
  title = {Eigenschaften des Wassers},
  url = {https://de.wikipedia.org/wiki/Eigenschaften_des_Wassers},
  year = {2021}
}

