@manual{V53,
  author = {TU Dortmund},
  title = {Versuchsanleitung},
  subtitle = {V53 Mikrowellen auf Hohlleiter},
  year = {2021}
}

@manual{V53_old,
  author = {Phillips},
  title = {Versuchsanleitung},
  subtitle = {Experimente mit Mikrowellen 1}
}

 @misc{wiki_klystron,
   author = "Wikipedia",
   title = "Klystron --- Wikipedia{,} die freie Enzyklop√§die",
   url = "https://de.wikipedia.org/w/index.php?title=Klystron&oldid=197586504",
   note = "[Online; Stand 23. Juli 2021]"
 }