@manual{V60,
  author = {TU Dortmund},
  title = {Experiment Instructions},
  subtitle = {V60 Diode Laser Spectroscopy},
  year = {2021}
}

