@manual{V27,
  author = {TU Dortmund},
  title = {Versuchsanleitung},
  subtitle = {V27 Der Zeeman-Effekt},
  year = {2021}
}

