@manual{V44,
  author = {TU Dortmund},
  title = {Versuchsanleitung},
  subtitle = {V44 RÃ¶ntgenreektometrie},
  year = {2021}
}

